<collection xmlns="http://www.loc.gov/MARC21/slim">
<record>
  <leader>01007nam0a2200229 i 450 </leader>
  <controlfield tag="001">IT\ICCU\CNCE\000653</controlfield>
  <controlfield tag="005">20090323000000.0</controlfield>
  <datafield tag="012" ind1=" " ind2=" ">
    <subfield code="a">bee- coe- enum inct (3) 1503 (R)</subfield>
    <subfield code="2">fei</subfield>
  </datafield>
  <datafield tag="100" ind1=" " ind2=" ">
    <subfield code="a">19970101d1503        0itac0103    ba</subfield>
  </datafield>
  <datafield tag="101" ind1=" " ind2=" ">
    <subfield code="a">LAT</subfield>
  </datafield>
  <datafield tag="102" ind1=" " ind2=" ">
    <subfield code="a">IT</subfield>
  </datafield>
  <datafield tag="200" ind1="1" ind2=" ">
    <subfield code="a">Aurea ac perutilis lectura summi practici Alberici de Rosate super titu. de regulis iuris tam canonici quam ciuilis nouiter impressa et diligentissime castigata feliciter incipit</subfield>
  </datafield>
  <datafield tag="210" ind1=" " ind2=" ">
    <subfield code="a">Papie</subfield>
    <subfield code="c">per Andream de Boscho</subfield>
    <subfield code="d">1503</subfield>
  </datafield>
  <datafield tag="215" ind1=" " ind2=" ">
    <subfield code="a">53, \1! c.</subfield>
    <subfield code="d">fol</subfield>
  </datafield>
  <datafield tag="620" ind1=" " ind2=" ">
    <subfield code="a">IT</subfield>
    <subfield code="d">Pavia</subfield>
  </datafield>
  <datafield tag="700" ind1=" " ind2="0">
    <subfield code="a">Alberico</subfield>
    <subfield code="c"> : da#Rosate</subfield>
    <subfield code="3">IT\ICCU\CNCA\000532</subfield>
  </datafield>
  <datafield tag="712" ind1="0" ind2="0">
    <subfield code="a">Bosco, Giovanni Andrea</subfield>
    <subfield code="3">IT\ICCU\CNCT\000346</subfield>
    <subfield code="4">650</subfield>
  </datafield>
  <datafield tag="791" ind1="0" ind2="0">
    <subfield code="a">Boscho, Andreas de</subfield>
    <subfield code="3">IT\ICCU\CNCT\004763</subfield>
    <subfield code="z">Bosco, Giovanni Andrea</subfield>
  </datafield>
  <datafield tag="791" ind1="0" ind2="0">
    <subfield code="a">Boschis, Andreas de</subfield>
    <subfield code="3">IT\ICCU\CNCT\004764</subfield>
    <subfield code="z">Bosco, Giovanni Andrea</subfield>
  </datafield>
  <datafield tag="791" ind1="0" ind2="0">
    <subfield code="a">Bosca, Giovanni Andrea</subfield>
    <subfield code="3">IT\ICCU\CNCT\004765</subfield>
    <subfield code="z">Bosco, Giovanni Andrea</subfield>
  </datafield>
  <datafield tag="801" ind1=" " ind2="3">
    <subfield code="a">IT</subfield>
    <subfield code="b">ICCU</subfield>
    <subfield code="c">20201113</subfield>
  </datafield>
  <datafield tag="899" ind1=" " ind2=" ">
    <subfield code="a">Biblioteca universitaria. Padova</subfield>
    <subfield code="1">PD0158</subfield>
    <subfield code="2">PUV 00</subfield>
  </datafield>
</record>
</collection>
